@article{Dirac1931,
    ISSN = {09501207},
    URL = {http://www.jstor.org/stable/95639},
    author = {P. A. M. Dirac},
    journal = {Proceedings of the Royal Society of London. Series A, Containing Papers of a Mathematical and Physical Character},
    number = {821},
    pages = {60--72},
    publisher = {The Royal Society},
    title = {Quantised singularities in the electromagnetic field},
    urldate = {2024-04-04},
    volume = {133},
    year = {1931}
}

