@article{gan,
    title={Generative adversarial networks},
    author={Goodfellow, Ian and Pouget-Abadie, Jean and Mirza, Mehdi and Xu, Bing and Warde-Farley, David and Ozair, Sherjil and Courville, Aaron and Bengio, Yoshua},
    journal={Communications of the ACM},
    volume={63},
    number={11},
    pages={139--144},
    year={2014},
    publisher={ACM New York, NY, USA}
}

@inproceedings{cgan,
    title={Unpaired image-to-image translation using cycle-consistent adversarial networks},
    author={Zhu, Jun-Yan and Park, Taesung and Isola, Phillip and Efros, Alexei A},
    booktitle={Proceedings of the IEEE international conference on computer vision},
    pages={2223--2232},
    year={2017}
}

@inproceedings{p2p,
    title={Image-to-image translation with conditional adversarial networks},
    author={Isola, Phillip and Zhu, Jun-Yan and Zhou, Tinghui and Efros, Alexei A},
    booktitle={Proceedings of the IEEE conference on computer vision and pattern recognition},
    pages={1125--1134},
    year={2017}
}

@inproceedings{unet,
    title={U-net: Convolutional networks for biomedical image segmentation},
    author={Ronneberger, Olaf and Fischer, Philipp and Brox, Thomas},
    booktitle={Medical image computing and computer-assisted intervention--MICCAI 2015: 18th international conference, Munich, Germany, October 5-9, 2015, proceedings, part III 18},
    pages={234--241},
    year={2015},
    organization={Springer}
}

@article{review1,
    author = {Tong, K. and Wu, Y. and Zhou, F.},
    title = {Recent Advances in Small Object Detection Based on Deep Learning: A Review},
    journal = {Image Vis. Comput.},
    year = {2020},
    volume = {97},
    article-number = {103910},
}

@article{review2,
    author = {Zou, Z. and Shi, Z. and Guo, Y. and Ye, J.},
    title = {Object detection in 20 years: A survey},
    journal = {arXiv},
    year = {2019},
    eprint = {1905.05055},
    eprinttype = {arxiv},
}

@article{review3,
    author = {Gu, Y. and Si, B.},
    title = {A novel lightweight real-time traffic sign detection integration framework based on YOLOv4},
    journal = {Entropy},
    year = {2022},
    volume = {24},
    pages = {487},
}

@inproceedings{Haar_like,
    author = {Lienhart, R. and Maydt, J.},
    title = {An extended set of haar-like features for rapid object detection},
    booktitle = {Proceedings of the International Conference on Image Processing},
    year = {2002},
    volume = {1},
    pages = {I-I},
    publisher = {IEEE},
}

@inproceedings{svm,
    author = {Dalal, N. and Triggs, B.},
    title = {Histograms of oriented gradients for human detection},
    booktitle = {2005 IEEE Computer Society Conference on Computer Vision and Pattern Recognition (CVPR'05)},
    year = {2005},
    volume = {1},
    pages = {886-893},
    publisher = {IEEE},
}

@article{cnn,
    author = {LeCun, Y. and Bottou, L. and Bengio, Y. and Haffner, P.},
    title = {Gradient-Based Learning Applied to Document Recognition},
    journal = {Proc. IEEE},
    year = {1998},
    volume = {86},
    pages = {2278--2324},
}

@article{fast_rcnn,
    author = {Girshick, R.},
    title = {Fast R-CNN},
    journal = {arXiv},
    year = {2015},
    eprint = {1504.08083},
    eprinttype = {arxiv},
}

@article{faster_rcnn,
    author = {Ren, S. and He, K. and Girshick, R. and Sun, J.},
    title = {Faster R-CNN: Towards Real-Time Object Detection with Region Proposal Networks},
    journal = {IEEE Trans. Pattern Anal. Mach. Intell.},
    year = {2015},
    volume = {39},
    pages = {1137--1149},
}

@inproceedings{mask_rcnn,
    author = {He, K. and Gkioxari, G. and Doll√°r, P. and Girshick, R.},
    title = {Mask R-CNN},
    booktitle = {Proceedings of the IEEE International Conference on Computer Vision (ICCV)},
    year = {2017},
    address = {Venice, Italy},
    month = {Oct},
    pages = {2961--2969},
}

@article{yolov1,
    author = {Redmon, J. and Divvala, S. and Girshick, R. and Farhadi, A.},
    title = {You Only Look Once: Unified, Real-Time Object Detection},
    journal = {arXiv},
    year = {2016},
    eprint = {1506.02640},
    eprinttype = {arxiv},
}

@article{yolov2,
    author = {Redmon, J. and Farhadi, A.},
    title = {YOLO9000: Better, Faster, Stronger},
    journal = {arXiv},
    year = {2016},
    eprint = {1612.08242},
    eprinttype = {arxiv},
}

@article{yolov3,
    author = {Redmon, J. and Farhadi, A.},
    title = {YOLOv3: An Incremental Improvement},
    journal = {arXiv},
    year = {2018},
    eprint = {1804.02767},
    eprinttype = {arxiv},
}

@article{yolov4,
    author = {Bochkovskiy, A. and Wang, C.Y. and Liao, H.},
    title = {YOLOv4: Optimal speed and accuracy of object detection},
    journal = {arXiv},
    year = {2020},
    eprint = {2004.10934},
    eprinttype = {arxiv},
}

@inproceedings{ssd,
    author = {Liu, W. and Anguelov, D. and Erhan, D. and Szegedy, C. and Reed, S. and Fu, C.Y.},
    title = {SSD: Single Shot MultiBox Detector},
    booktitle = {Proceedings of the European Conference on Computer Vision (ECCV)},
    year = {2016},
    address = {Amsterdam, The Netherlands},
    month = {Oct},
    pages = {21--37},
}

@article{dssd,
    author = {Fu, C.Y. and Liu, W. and Ranga, A. and Tyagi, A. and Berg, A.C.},
    title = {DSSD: Deconvolutional Single Shot Detector},
    journal = {arXiv},
    year = {2017},
    eprint = {1701.06659},
    eprinttype = {arxiv},
}

@inproceedings{fpn,
    author = {Lin, T.-Y. and Dollar, P. and Girshick, R. and He, K. and Hariharan, B. and Belongie, S.},
    title = {Feature Pyramid Networks for Object Detection},
    booktitle = {Proceedings of the 2017 IEEE/CVF Conference on Computer Vision and Pattern Recognition (CVPR)},
    year = {2017},
    address = {Honolulu, HI, USA},
    month = {Jul},
    pages = {936--944},
}

@article{cam,
    author = {Xiao, J. and Zhao, T. and Yao, Y. and others},
    title = {Context augmentation and feature refinement network for tiny object detection},
    journal = {Unknown},
    year = {2022},
}

@article{nwd,
    author = {Xu, C. and Wang, J. and Yang, W. and Yu, H. and Yu, L. and Xia, G.S.},
    title = {Detecting tiny objects in aerial images: A normalized Wasserstein distance and a new benchmark},
    journal = {ISPRS J. Photogramm. Remote Sens.},
    year = {2022},
    volume = {190},
    pages = {79--93},
}


@inproceedings{pan,
    author = {Liu, S. and Qi, L. and Qin, H. and Shi, J. and Jia, J.},
    title = {Path Aggregation Network for Instance Segmentation},
    booktitle = {Proceedings of the IEEE Conference on Computer Vision and Pattern Recognition},
    year = {2018},
    pages = {8759--8768},
}

@inproceedings{bifpn,
    author = {Tan, M. and Pang, R. and Le, Q.V.},
    title = {Efficientdet: Scalable and efficient object detection},
    booktitle = {Proceedings of the IEEE/CVF Conference on Computer Vision and Pattern Recognition},
    year = {2020},
    pages = {10781-10790},
}

@inproceedings{senet,
    author = {Cao, Y. and Xu, J. and Lin, S. and Wei, F. and Hu, H.},
    title = {GCNet: Non-Local Networks Meet Squeeze-Excitation Networks and Beyond},
    booktitle = {Proceedings of the 2019 IEEE/CVF International Conference on Computer Vision (ICCV)},
    address = {Seoul, Republic of Korea},
    year = {2019},
    pages = {1971--1980}
}

@inproceedings{cbam,
    author = {Woo, S. and Park, J. and Lee, J.Y. and Kweon, I.S.},
    title = {CBAM: Convolutional block attention module},
    booktitle = {Proceedings of the 15th European Conference on Computer Vision (ECCV)},
    address = {Munich, Germany},
    year = {2018},
    pages = {3--19}
}

@inproceedings{eca,
    author = {Wang, Q.L. and Wu, B.G. and Zhu, P.F. and Li, P.H. and Zuo, W.M. and Hu, Q.H.},
    title = {ECA-Net: Efficient Channel Attention for Deep Convolutional Neural Networks},
    booktitle = {Proceedings of the IEEE/CVF Conference on Computer Vision and Pattern Recognition (CVPR)},
    address = {Seattle, WA, USA},
    year = {2020},
    pages = {11531--11539}
}

@inproceedings{csp,
    author = {Wang, C.Y. and Liao, H.Y. and Wu, Y.H. and Chen, P.Y. and Hsieh, J.W. and Yeh, I.H.},
    title = {CSPNet: A new backbone that can enhance learning capability of CNN},
    booktitle = {Proceedings of the IEEE/CVF Conference on Computer Vision and Pattern Recognition Workshops},
    address = {Seattle, WA, USA},
    year = {2020},
    pages = {390--391}
}

@article{silu,
    author = {Elfwing, S. and Uchibe, E. and Doya, K.},
    title = {Sigmoid-weighted linear units for neural network function approximation in reinforcement learning},
    journal = {Neural Netw.},
    year = {2018},
    volume = {107},
    pages = {3--11}
}

@inproceedings{giou,
    author = {Rezatofighi, H. and Tsoi, N. and Gwak, J. and Sadeghian, A. and Reid, I. and Savarese, S.},
    title = {Generalized Intersection Over Union: A Metric and a Loss for Bounding Box Regression},
    booktitle = {Proceedings of the 2019 IEEE/CVF Conference on Computer Vision and Pattern Recognition (CVPR)},
    address = {Long Beach, CA, USA},
    year = {2019},
    pages = {658--666}
}

@inproceedings{diou,
    author = {Zheng, Z. and Wang, P. and Liu, W. and Li, J. and Ye, R. and Ren, D.},
    title = {Distance-IoU Loss: Faster and Better Learning for Bounding Box Regression},
    booktitle = {Proceedings of the 2020 AAAI Conference on Artificial Intelligence (AAAI)},
    address = {New York, NY, USA},
    year = {2020},
    pages = {12993--13000}
}

@inproceedings{gwd,
    author = {Yang, X. and Yan, J. and Ming, Q. and Wang, W. and Zhang, X. and Tian, Q.},
    title = {Rethinking Rotated Object Detection with Gaussian Wasserstein Distance Loss},
    booktitle = {Proceedings of the 2021 International Conference on Machine Learning (ICML)},
    year = {2021}
}

@inproceedings{mse,
    author = {Zhang, Z. and Sabuncu, M.R.},
    title = {Generalized Cross Entropy Loss for Training Deep Neural Networks with Noisy Labels},
    booktitle = {Proceedings of the 32nd Conference on Neural Information Processing Systems},
    address = {Montreal, QC, Canada},
    year = {2018},
    month = {December},
    pages = {}
}

@inproceedings{simam,
  title={Simam: A simple, parameter-free attention module for convolutional neural networks},
  author={Yang, Lingxiao and Zhang, Ru-Yuan and Li, Lida and Xie, Xiaohua},
  booktitle={International conference on machine learning},
  pages={11863--11874},
  year={2021},
  organization={PMLR}
}

@InProceedings{tt100k,
    author = {Zhu, Zhe and Liang, Dun and Zhang, Songhai and Huang, Xiaolei and Li, Baoli and Hu, Shimin},
    title = {Traffic-Sign Detection and Classification in the Wild},
    booktitle = {The IEEE Conference on Computer Vision and Pattern Recognition (CVPR)},
    year = {2016}
}

@ARTICLE{vd,
    author={Zhu, Pengfei and Wen, Longyin and Du, Dawei and Bian, Xiao and Fan, Heng and Hu, Qinghua and Ling, Haibin},
    journal={IEEE Transactions on Pattern Analysis and Machine Intelligence},
    title={Detection and Tracking Meet Drones Challenge},
    year={2021},
    volume={},
    number={},
    pages={1-1},
    doi={10.1109/TPAMI.2021.3119563}
}

@misc{coco,
    title={Microsoft COCO: Common Objects in Context},
    author={Tsung-Yi Lin and Michael Maire and Serge Belongie and Lubomir Bourdev and Ross Girshick and James Hays and Pietro Perona and Deva Ramanan and C. Lawrence Zitnick and Piotr Doll√°r},
    year={2015},
    eprint={1405.0312},
    archivePrefix={arXiv},
    primaryClass={cs.CV}
}

@article{yolo-nl,
    title={A YOLO-NL object detector for real-time detection},
    author={Zhou, Yan},
    journal={Expert Systems with Applications},
    volume={238},
    pages={122256},
    year={2024},
    publisher={Elsevier}
}

@article{mod-yolo,
    title={MOD-YOLO: Rethinking the YOLO architecture at the level of feature information and applying it to crack detection},
    author={Su, Peng and Han, Huizi and Liu, Mei and Yang, Tao and Liu, Shijie},
    journal={Expert Systems with Applications},
    volume={237},
    pages={121346},
    year={2024},
    publisher={Elsevier}
}

@article{yolo-pl,
    title={YOLO-PL: Helmet wearing detection algorithm based on improved YOLOv4},
    author={Li, Haibin and Wu, Dengchao and Zhang, Wenming and Xiao, Cunjun},
    journal={Digital Signal Processing},
    volume={144},
    pages={104283},
    year={2024},
    publisher={Elsevier}
}

@article{rdd-yolo,
    title={RDD-YOLO: A modified YOLO for detection of steel surface defects},
    author={Zhao, Chao and Shu, Xin and Yan, Xi and Zuo, Xin and Zhu, Feng},
    journal={Measurement},
    volume={214},
    pages={112776},
    year={2023},
    publisher={Elsevier}
}

@article{dsp-yolo,
    title={DsP-YOLO: An anchor-free network with DsPAN for small object detection of multiscale defects},
    author={Zhang, Yan and Zhang, Haifeng and Huang, Qingqing and Han, Yan and Zhao, Minghang},
    journal={Expert Systems with Applications},
    volume={241},
    pages={122669},
    year={2024},
    publisher={Elsevier}
}

@article{yolov6,
  title={YOLOv6: A single-stage object detection framework for industrial applications},
  author={Li, Chuyi and Li, Lulu and Jiang, Hongliang and Weng, Kaiheng and Geng, Yifei and Li, Liang and Ke, Zaidan and Li, Qingyuan and Cheng, Meng and Nie, Weiqiang and others},
  journal={arXiv preprint arXiv:2209.02976},
  year={2022}
}

@inproceedings{yolov7,
  title={YOLOv7: Trainable bag-of-freebies sets new state-of-the-art for real-time object detectors},
  author={Wang, Chien-Yao and Bochkovskiy, Alexey and Liao, Hong-Yuan Mark},
  booktitle={Proceedings of the IEEE/CVF conference on computer vision and pattern recognition},
  pages={7464--7475},
  year={2023}
}

@inproceedings{yolov9,
  title={Yolov9: Learning what you want to learn using programmable gradient information},
  author={Wang, Chien-Yao and Yeh, I-Hau and Mark Liao, Hong-Yuan},
  booktitle={European conference on computer vision},
  pages={1--21},
  year={2024},
  organization={Springer}
}

@article{yolov10,
  title={Yolov10: Real-time end-to-end object detection},
  author={Wang, Ao and Chen, Hui and Liu, Lihao and Chen, Kai and Lin, Zijia and Han, Jungong and Ding, Guiguang},
  journal={arXiv preprint arXiv:2405.14458},
  year={2024}
}

@article{yolov11,
  title={Yolov11: An overview of the key architectural enhancements},
  author={Khanam, Rahima and Hussain, Muhammad},
  journal={arXiv preprint arXiv:2410.17725},
  year={2024}
}

@article{yolo-nl,
    title={A YOLO-NL object detector for real-time detection},
    author={Zhou, Yan},
    journal={Expert Systems with Applications},
    volume={238},
    pages={122256},
    year={2024},
    publisher={Elsevier}
}

@article{zheng2022dehaze,
    title={Dehaze-AGGAN: Unpaired remote sensing image dehazing using enhanced attention-guide generative adversarial networks},
    author={Zheng, Yitong and Su, Jia and Zhang, Shun and Tao, Mingliang and Wang, Ling},
    journal={IEEE Transactions on Geoscience and Remote Sensing},
    volume={60},
    pages={1--13},
    year={2022},
    publisher={IEEE}
}

@article{Dark_ControlNet,
    title={Dark-ControlNet: an enhanced dehazing universal plug-in based on the dark channel prior},
    author={Yang, Yu and Yin, Xuesong and Wang, Yigang},
    journal={Applied Intelligence},
    volume={55},
    number={6},
    pages={564},
    year={2025},
    publisher={Springer}
}

@article{he2010single,
    title={Single image haze removal using dark channel prior},
    author={He, Kaiming and Sun, Jian and Tang, Xiaoou},
    journal={IEEE transactions on pattern analysis and machine intelligence},
    volume={33},
    number={12},
    pages={2341--2353},
    year={2010},
    publisher={IEEE}
}

@article{peng2018generalization,
    title={Generalization of the dark channel prior for single image restoration},
    author={Peng, Yan-Tsung and Cao, Keming and Cosman, Pamela C},
    journal={IEEE Transactions on Image Processing},
    volume={27},
    number={6},
    pages={2856--2868},
    year={2018},
    publisher={IEEE}
}

@article{zhu2015fast,
    title={A fast single image haze removal algorithm using color attenuation prior},
    author={Zhu, Qingsong and Mai, Jiaming and Shao, Ling},
    journal={IEEE transactions on image processing},
    volume={24},
    number={11},
    pages={3522--3533},
    year={2015},
    publisher={IEEE}
}

@article{liang2021single,
    title={Single underwater image enhancement by attenuation map guided color correction and detail preserved dehazing},
    author={Liang, Zheng and Wang, Yafei and Ding, Xueyan and Mi, Zetian and Fu, Xianping},
    journal={Neurocomputing},
    volume={425},
    pages={160--172},
    year={2021},
    publisher={Elsevier}
}

@article{qiu2024perception,
    title={Perception-oriented UAV image dehazing based on super-pixel scene prior},
    author={Qiu, Zifeng and Gong, Tianyu and Liang, Zichao and Chen, Taoyi and Cong, Runmin and Bai, Huihui and Zhao, Yao},
    journal={IEEE Transactions on Geoscience and Remote Sensing},
    year={2024},
    publisher={IEEE}
}

@inproceedings{dong2020fd,
    title={FD-GAN: Generative adversarial networks with fusion-discriminator for single image dehazing},
    author={Dong, Yu and Liu, Yihao and Zhang, He and Chen, Shifeng and Qiao, Yu},
    booktitle={Proceedings of the AAAI conference on artificial intelligence},
    volume={34},
    number={07},
    pages={10729--10736},
    year={2020}
}

@article{ashwini2024epq,
    title={EPQ-GAN: Evolutionary perceptual quality assessment generative adversarial network for image dehazing},
    author={Ashwini, Keshampeta and Nenavath, Hathiram and Jatoth, Ravi Kumar},
    journal={IEEE Transactions on Intelligent Transportation Systems},
    year={2024},
    publisher={IEEE}
}


@article{frants2023qcnn,
    title={QCNN-H: Single-image dehazing using quaternion neural networks},
    author={Frants, Vladimir and Agaian, Sos and Panetta, Karen},
    journal={IEEE Transactions on Cybernetics},
    volume={53},
    number={9},
    pages={5448--5458},
    year={2023},
    publisher={IEEE}
}

@inproceedings{guo2022image,
    title={Image dehazing transformer with transmission-aware 3d position embedding},
    author={Guo, Chun-Le and Yan, Qixin and Anwar, Saeed and Cong, Runmin and Ren, Wenqi and Li, Chongyi},
    booktitle={Proceedings of the IEEE/CVF conference on computer vision and pattern recognition},
    pages={5812--5820},
    year={2022}
}

@article{song2023vision,
    title={Vision transformers for single image dehazing},
    author={Song, Yuda and He, Zhuqing and Qian, Hui and Du, Xin},
    journal={IEEE Transactions on Image Processing},
    volume={32},
    pages={1927--1941},
    year={2023},
    publisher={IEEE}
}

@inproceedings{singh2019dual,
    title={Dual directed capsule network for very low resolution image recognition},
    author={Singh, Maneet and Nagpal, Shruti and Singh, Richa and Vatsa, Mayank},
    booktitle={Proceedings of the IEEE/CVF international conference on computer vision},
    pages={340--349},
    year={2019}
}

@article{freire2024beyond,
    title={Beyond clean data: Exploring the effects of label noise on object detection performance},
    author={Freire, Agostinho and Silva, Leandro H de S and de Andrade, Jo{\~a}o VR and Azevedo, George OA and Fernandes, Bruno JT},
    journal={Knowledge-Based Systems},
    volume={304},
    pages={112544},
    year={2024},
    publisher={Elsevier}
}

@inproceedings{sindagi2020prior,
    title={Prior-based domain adaptive object detection for hazy and rainy conditions},
    author={Sindagi, Vishwanath A and Oza, Poojan and Yasarla, Rajeev and Patel, Vishal M},
    booktitle={Computer Vision--ECCV 2020: 16th European Conference, Glasgow, UK, August 23--28, 2020, Proceedings, Part XIV 16},
    pages={763--780},
    year={2020},
    organization={Springer}
}

@article{liu2024oriented,
    title={An oriented object detector for hazy remote sensing images},
    author={Liu, Bo and Chen, Si-Bao and Wang, Jia-Xin and Tang, Jin and Luo, Bin},
    journal={IEEE Transactions on Geoscience and Remote Sensing},
    year={2024},
    publisher={IEEE}
}

@article{liu2024approach,
    title={An approach to ship target detection based on combined optimization model of dehazing and detection},
    author={Liu, Tao and Zhang, Zhao and Lei, Zhengling and Huo, Yuchi and Wang, Shuo and Zhao, Jiansen and Zhang, Jinfeng and Jin, Xin and Zhang, Xiaocai},
    journal={Engineering Applications of Artificial Intelligence},
    volume={127},
    pages={107332},
    year={2024},
    publisher={Elsevier}
}

@article{hu2024beyond,
    title={Beyond dehazing: Learning intrinsic hazy robustness for aerial object detection},
    author={Hu, Qian and Zhang, Yan and Zhang, Ruixiang and Xu, Fang and Yang, Wen},
    journal={IEEE Transactions on Geoscience and Remote Sensing},
    year={2024},
    publisher={IEEE}
}

@article{zhong2024dehazing,
    title={Dehazing \& Reasoning YOLO: Prior knowledge-guided network for object detection in foggy weather},
    author={Zhong, Fujin and Shen, Wenxin and Yu, Hong and Wang, Guoyin and Hu, Jun},
    journal={Pattern Recognition},
    volume={156},
    pages={110756},
    year={2024},
    publisher={Elsevier}
}


@article{li2023detection,
    title={Detection-friendly dehazing: Object detection in real-world hazy scenes},
    author={Li, Chengyang and Zhou, Heng and Liu, Yang and Yang, Caidong and Xie, Yongqiang and Li, Zhongbo and Zhu, Liping},
    journal={IEEE Transactions on Pattern Analysis and Machine Intelligence},
    volume={45},
    number={7},
    pages={8284--8295},
    year={2023},
    publisher={IEEE}
}


@inproceedings{zhang2020unified,
    title={Unified density-aware image dehazing and object detection in real-world hazy scenes},
    author={Zhang, Zhengxi and Zhao, Liang and Liu, Yunan and Zhang, Shanshan and Yang, Jian},
    booktitle={Proceedings of the Asian conference on computer vision},
    year={2020}
}

@article{Mffsodnet,
    title={Mffsodnet: Multi-scale feature fusion small object detection network for uav aerial images},
    author={Jiang, Lingjie and Yuan, Baoxi and Du, Jiawei and Chen, Boyu and Xie, Hanfei and Tian, Juan and Yuan, Ziqi},
    journal={IEEE Transactions on Instrumentation and Measurement},
    year={2024},
    publisher={IEEE}
}

@article{ye2022dense,
    title={Dense and small object detection in UAV-vision based on a global-local feature enhanced network},
    author={Ye, Tao and Qin, Wenyang and Li, Yunwang and Wang, Shouan and Zhang, Jun and Zhao, Zongyang},
    journal={IEEE Transactions on Instrumentation and Measurement},
    volume={71},
    pages={1--13},
    year={2022},
    publisher={IEEE}
}

@inproceedings{li2019single,
    title={Single image deraining: A comprehensive benchmark analysis},
    author={Li, Siyuan and Araujo, Iago Breno and Ren, Wenqi and Wang, Zhangyang and Tokuda, Eric K and Junior, Roberto Hirata and Cesar-Junior, Roberto and Zhang, Jiawan and Guo, Xiaojie and Cao, Xiaochun},
    booktitle={Proceedings of the IEEE/CVF Conference on Computer Vision and Pattern Recognition},
    pages={3838--3847},
    year={2019}
}

@article{sun2022rsod,
    title={RSOD: Real-time small object detection algorithm in UAV-based traffic monitoring},
    author={Sun, Wei and Dai, Liang and Zhang, Xiaorui and Chang, Pengshuai and He, Xiaozheng},
    journal={Applied Intelligence},
    pages={1--16},
    year={2022},
    publisher={Springer}
}

@article{pedregosa2011scikit,
    title={Scikit-learn: Machine learning in Python},
    author={Pedregosa, Fabian and Varoquaux, Ga{\"e}l and Gramfort, Alexandre and Michel, Vincent and Thirion, Bertrand and Grisel, Olivier and Blondel, Mathieu and Prettenhofer, Peter and Weiss, Ron and Dubourg, Vincent and others},
    journal={the Journal of machine Learning research},
    volume={12},
    pages={2825--2830},
    year={2011},
    publisher={JMLR. org}
}

@article{wang2021deep,
    title={Deep Learning for Object Detection: A Survey.},
    author={Wang, Jun and Zhang, Tingjuan and Cheng, Yong and others},
    journal={Computer Systems Science \& Engineering},
    volume={38},
    number={2},
    year={2021}
}

@article{farokhi2016near,
    title={Near infrared face recognition: A literature survey},
    author={Farokhi, Sajad and Flusser, Jan and Sheikh, Usman Ullah},
    journal={Computer Science Review},
    volume={21},
    pages={1--17},
    year={2016},
    publisher={Elsevier}
}

@inproceedings{nyu2,
    author    = {Nathan Silberman, Derek Hoiem, Pushmeet Kohli and Rob Fergus},
    title     = {Indoor Segmentation and Support Inference from RGBD Images},
    booktitle = {ECCV},
    year      = {2012}
}

@inproceedings{NTIRE_Dehazing_2019,
    author = {Codruta O Ancuti and Cosmin Ancuti and Radu Timofte and Luc Van Gool and Lei Zhang and Ming-Hsuan Yang},
    title = {NTIRE 2019 Image Dehazing Challenge Report},
    booktitle =  {Proceedings of the IEEE Conference on Computer Vision and Pattern Recognition Workshops},
    series = {IEEE CVPR 2019},
    year = {2019},
    location = {Long Beach, US},
}

@inproceedings{li2017aod,
    title={Aod-net: All-in-one dehazing network},
    author={Li, Boyi and Peng, Xiulian and Wang, Zhangyang and Xu, Jizheng and Feng, Dan},
    booktitle={Proceedings of the IEEE international conference on computer vision},
    pages={4770--4778},
    year={2017}
}

@article{ffa,
    author       = {Xu Qin and
                    Zhilin Wang and
                    Yuanchao Bai and
                    Xiaodong Xie and
                    Huizhu Jia},
    title        = {FFA-Net: Feature Fusion Attention Network for Single Image Dehazing},
    journal      = {CoRR},
    volume       = {abs/1911.07559},
    year         = {2019},
    url          = {http://arxiv.org/abs/1911.07559},
    eprinttype    = {arXiv},
    eprint       = {1911.07559},
    timestamp    = {Mon, 02 Dec 2019 17:48:37 +0100},
    biburl       = {https://dblp.org/rec/journals/corr/abs-1911-07559.bib},
    bibsource    = {dblp computer science bibliography, https://dblp.org}
}

@inproceedings{chen2019gated,
    title={Gated context aggregation network for image dehazing and deraining},
    author={Chen, Dongdong and He, Mingming and Fan, Qingnan and Liao, Jing and Zhang, Liheng and Hou, Dongdong and Yuan, Lu and Hua, Gang},
    booktitle={2019 IEEE winter conference on applications of computer vision (WACV)},
    pages={1375--1383},
    year={2019},
    organization={IEEE}
}

@inproceedings{he2016deep,
    title={Deep residual learning for image recognition},
    author={He, Kaiming and Zhang, Xiangyu and Ren, Shaoqing and Sun, Jian},
    booktitle={Proceedings of the IEEE conference on computer vision and pattern recognition},
    pages={770--778},
    year={2016}
}

@article{simonyan2014very,
    title={Very deep convolutional networks for large-scale image recognition},
    author={Simonyan, Karen and Zisserman, Andrew},
    journal={arXiv preprint arXiv:1409.1556},
    year={2014}
}

@inproceedings{girshick2014rich,
    title={Rich feature hierarchies for accurate object detection and semantic segmentation},
    author={Girshick, Ross and Donahue, Jeff and Darrell, Trevor and Malik, Jitendra},
    booktitle={Proceedings of the IEEE conference on computer vision and pattern recognition},
    pages={580--587},
    year={2014}
}

@article{yolov8,
    title={What is YOLOv8: An in-depth exploration of the internal features of the next-generation object detector. arXiv 2024},
    author={Yaseen, M},
    journal={arXiv preprint arXiv:2408.15857},
    year={2023}
}

@article{cai2016dehazenet,
    title={Dehazenet: An end-to-end system for single image haze removal},
    author={Cai, Bolun and Xu, Xiangmin and Jia, Kui and Qing, Chunmei and Tao, Dacheng},
    journal={IEEE transactions on image processing},
    volume={25},
    number={11},
    pages={5187--5198},
    year={2016},
    publisher={IEEE}
}

@inproceedings{zeng2017multi,
    title={Multi-scale convolutional neural networks for crowd counting},
    author={Zeng, Lingke and Xu, Xiangmin and Cai, Bolun and Qiu, Suo and Zhang, Tong},
    booktitle={2017 IEEE International Conference on Image Processing (ICIP)},
    pages={465--469},
    year={2017},
    organization={IEEE}
}

@inproceedings{raj2020single,
    title={Single image haze removal using a generative adversarial network},
    author={Raj, N Bharath and Venketeswaran, N},
    booktitle={2020 International conference on wireless communications signal processing and networking (WiSPNET)},
    pages={37--42},
    year={2020},
    organization={IEEE}
}